2558 3003
412 231 673 332 ffltndine
658 290 792 336 utitur,
818 294 865 327 ut
880 290 1032 328 Troiani
1058 295 1097 328 et
1113 290 1290 328 Hector
1279 304 1360 339 ipse
1376 293 1654 340 reprimantur„
1665 290 1758 329 dum
1772 284 1846 329 ille
1852 285 2025 334 multis

347 346 539 389 bracchio
551 350 769 390 vulneratus
804 362 931 399 pugna
956 351 1101 391 cedit..
1118 351 1224 396 Quod
1250 352 1282 389 si
1307 350 1446 389 librum
1471 350 1656 390 decimum
1683 340 1980 400 consideramus,
1993 331 2211 394 ἱωιιόιιιω
2245 392 2274 400 „

346 410 391 448 in
427 398 700 459 posterioribus
736 409 867 448 Iliadis
902 410 1011 448 libris
1044 423 1281 459 nequaquam
1321 423 1451 449 earum
1490 422 1617 449 rerum
1653 411 1879 449 mentionem
1916 410 2010 457 fieri,
2048 422 2146 460 quse
2180 412 2232 450 in

167 473 439 534 “phatni-
490 468 655 508 Nomina
671 469 836 515 Dolonis,
852 470 986 515 Rhesi,
1012 470 1280 520 Hippocoontis
1307 471 1410 509 nuno
1427 470 1502 508 alio
1518 471 1600 508 loco
1618 470 1720 518 apud
1736 457 1939 508 Homerum
1966 466 2316 522 commemorantur,

149 524 152 531 ¹
214 510 354 580 idque
377 530 462 581 ipsa
488 542 514 569 a
537 530 719 569 Diomede
745 535 785 568 et
810 530 921 568 Ulixe
948 536 1124 580 suscepta
1149 532 1227 569 sine
1253 531 1331 569 ullo
1358 535 1545 569 momento
1571 531 1611 568 in
1636 530 1897 580 procedentem
1921 530 2108 569 actionem
2139 535 2209 571 est.
2259 531 2317 571 Ne

187 589 310 638 ⁸equi·
328 589 482 637 quidem
498 590 631 634 Rhesi,
651 602 813 637 quorum
830 591 966 627 miram
992 591 1223 627 celeritatem
1248 596 1359 638 poeta
1381 591 1575 638 praedicat
1602 595 1649 638 (v.
1668 592 1743 628 436
1770 592 1854 637 sq.,)
1880 591 2067 638 posterius
2093 596 2317 637 cernuntur-3

96 681 101 688 ,
163 690 168 693 ,
205 649 355 688 =mnm
378 648 465 698 quis
490 660 565 686 non
590 649 760 694 miretur,
787 645 1006 687 Diomedem
1032 650 1071 686 in
1098 650 1299 687 certamine
1324 662 1501 687 curruum
1528 650 1616 699 (23,
1631 662 1664 686 v.
1683 650 1775 698 291)
1802 660 1876 686 non
1900 649 1961 686 his
1987 651 2044 686 uti
2069 650 2136 687 sed
2160 652 2225 696 eis,
2251 652 2319 698 qui

192 703 330 748 antee
362 709 510 747 Aeneae
549 709 682 746 erant?
748 709 853 755 Sunt,
897 711 963 757 qui
1002 710 1216 747 existiment
1257 715 1408 758 poetam
1456 710 1642 748 delectare
1688 710 1848 748 voluisse
1885 708 2075 747 Diomedis
2118 714 2157 749 et
2193 709 2317 749 Ulixis
2380 705 2390 711 ³

213 767 578 818 expeditionem
621 773 903 806 nocturnam
938 771 983 805 in
1020 770 1212 817 proelia
1250 770 1423 807 diurna
1462 772 1695 807 inserentem
1747 769 1854 813 Quod
1892 781 2122 816 quamquam
2158 782 2233 807 non
2258 771 2317 807 in-

215 830 439 876 concinnum
464 828 623 873 videtur,
658 833 785 866 tamen
822 842 894 867 non
920 830 1156 877 perspicuum
1184 835 1251 875 est,
1279 844 1344 867 cur
1370 831 1438 868 illa
1463 836 1549 878 post
1574 831 1719 867 irritam
1745 830 1968 878 legationem
1996 829 2045 867 ad
2067 829 2252 868 Achillem
2278 830 2319 867 in

167 901 169 903 ’
212 887 372 926 Iliadem
397 888 544 925 intexta
570 888 630 924 sit.

372 958 455 998 Ex
480 961 552 1006 his,
579 973 676 1008 quae
703 962 827 1006 attuli,
855 962 979 1009 colligi
1007 975 1115 1010 posse
1141 963 1315 1008 arbitror,
1342 964 1545 1001 Doloneam
1572 965 1669 1000 inter
1695 975 1833 1000 nonum
1861 967 1899 999 et
1924 963 2160 1000 undecimum
2177 962 2317 1000 librum

3 1069 5 1071 ι
35 1059 37 1061 .
211 1020 345 1059 nimiis
370 1032 444 1057 non
470 1019 610 1058 habere
637 1020 772 1066 locum,
800 1021 866 1058 sed
893 1021 1058 1058 ordinem
1088 1024 1314 1060 narrationis
1333 1023 1570 1059 vehementer
1587 1022 1816 1070 perturbare.
1858 1022 1988 1068 Neque
2013 1023 2052 1057 in
2069 1022 2165 1058 libro
2186 1026 2315 1059 nostro

66 1084 68 1086 ’
112 1103 125 1110 --
149 1120 154 1124 ,
209 1080 358 1126 desunt,
384 1092 481 1129 quae
509 1092 646 1128 magno
674 1093 783 1128 opem
810 1080 1000 1118 offendant
1033 1086 1071 1118 et
1097 1088 1317 1129 argumento
1345 1083 1421 1120 sint
1447 1094 1542 1127 eum,
1576 1082 1641 1129 qui
1668 1081 1872 1118 Doloneam
1898 1082 2117 1129 composuit,
2150 1081 2214 1118 hic
2239 1081 2317 1118 illic

207 1140 449 1188 neglegenter
473 1141 605 1187 egisse.
657 1140 820 1177 Maxime
848 1141 966 1178 oculis
993 1153 1032 1178 se
1059 1141 1167 1178 offert
1193 1142 1532 1189 discrepantia
1557 1146 1608 1178 et
1630 1141 1900 1178 diversitas
1927 1142 2246 1186 narrationis,
2273 1145 2317 1178 ut

208 1204 361 1249 poetam
386 1199 527 1249 fugisse
553 1199 735 1246 videatur,
762 1199 865 1248 quod
891 1200 1003 1249 paulo
1030 1205 1116 1238 ante
1153 1202 1328 1239 narravit.
1381 1201 1634 1249 Agamemnon
1670 1201 1768 1237 curis
1794 1205 1948 1238 vexatus
1974 1205 2013 1237 et
2038 1200 2314 1238 adhortationis

208 1260 400 1298 Diomedis
426 1260 567 1297 oblitus
596 1273 641 1297 ea
666 1266 788 1305 nocte,
815 1274 911 1308 quae
930 1263 1077 1298 irritam
1104 1262 1326 1310 legationem
1345 1263 1564 1309 insequitur,
1592 1274 1676 1298 cum
1694 1260 1850 1298 Nestore
1877 1262 2149 1299 communicare
2168 1261 2314 1306 statuit,

188 1331 289 1368 -qua
303 1320 450 1357 ratione
475 1320 617 1368 optime
640 1319 801 1356 Achaeis
829 1320 1000 1357 consulat
1025 1321 1356 1368 imminentemque
1382 1326 1525 1368 pestem
1552 1325 1698 1357 avertat
1726 1324 1773 1365 (v.
1797 1322 1842 1356 17
1871 1322 1953 1368 sq.).
2005 1321 2102 1356 Dum
2128 1321 2314 1357 hoc-con-

208 1379 363 1425 siderat,
389 1379 582 1417 Menelaus
609 1385 648 1416 et
673 1381 753 1427 ipse
779 1380 1031 1417 sollicitudine
1058 1393 1256 1428 oppressus
1282 1382 1331 1418 ad
1358 1394 1440 1418 eum
1468 1381 1587 1424 venit3
1621 1380 1721 1417 hunc
1747 1381 1898 1418 Aiacem
1935 1384 2135 1428 utrumque
2163 1384 2201 1417 et
2226 1378 2314 1417 Ido-

209 1441 384 1490 &meum
410 1440 593 1476 suscitare
620 1438 736 1484 iubet,
776 1440 855 1486 ipse
890 1445 1016 1476 autem
1044 1441 1145 1484 dicit,
1188 1452 1228 1476 se
1255 1441 1448 1477 Nestorem
1476 1452 1495 1476 e
1523 1451 1653 1476 somno
1692 1439 2038 1488 expergefacturum
2076 1451 2168 1485 esse,
2207 1440 2240 1475 si
2265 1439 2315 1476 ad

165 1494 168 1496 ’
210 1498 386 1536 custodes
412 1511 452 1536 se
479 1498 646 1535 conferre
674 1503 713 1535 et
738 1500 786 1535 iis
812 1499 1032 1536 mandatum
1069 1501 1255 1546 imponere
1294 1505 1450 1547 paratus
1488 1500 1546 1536 sit.
1598 1498 1770 1546 Pugnant
1808 1499 1923 1546 igitur
1961 1499 2054 1536 haec
2078 1498 2191 1536 verba
2230 1510 2315 1536 cum

209 1558 400 1608 prioribus
425 1557 604 1596 versibus.
657 1557 856 1595 Nonnullis
890 1559 982 1595 locis
1010 1571 1064 1603 ea,
1099 1570 1195 1605 quae
1222 1564 1334 1606 poeta
1368 1563 1507 1603 narrat,
1542 1559 1678 1594 mirum
1703 1559 1742 1594 in
1776 1558 1928 1594 modum
1962 1559 2192 1605 argumentis
2227 1569 2315 1594 con-

208 1616 419 1655 firmantur.
472 1617 670 1655 Nestorem
697 1618 914 1662 adhortans,
951 1623 994 1654 ut
1021 1618 1193 1654 custodes
1231 1619 1353 1663 adeat,
1394 1619 1486 1654 dicit
1511 1618 1765 1665 Agamemnon
1798 1629 1861 1655 eos
1887 1618 1944 1654 illi
1974 1617 2220 1655 libentissime
2247 1616 2314 1654 ob·
2513 1666 2517 1669 .

210 1669 488 1727 temperaturos
516 1689 609 1723 esse,
636 1689 721 1714 cum
749 1677 1034 1726 Thrasymedes,
1074 1677 1173 1713 filius
1201 1677 1380 1722 Nestoris,
1408 1679 1453 1714 iis
1480 1678 1638 1724 praesit3
1677 1677 1831 1724 proinde
1857 1678 1966 1724 quasi
1989 1677 2067 1714 ullo
2098 1676 2208 1715 modo
2234 1675 2315 1713 fieri
2441 1713 2447 1721 ¹
2470 1676 2525 1729 223

208 1738 343 1786 possit,
363 1742 414 1780 ,ut
439 1737 614 1775 custodes
633 1737 803 1774 Nestoris
829 1737 930 1774 dicto
948 1737 1141 1774 audientes
1169 1750 1240 1774 non
1260 1739 1344 1774 sint.
1398 1737 1534 1774 Nestor
1551 1749 1624 1773 non
1651 1737 1800 1773 omnino
1827 1736 2095 1784 desperandum
2122 1748 2201 1773 esse
2227 1747 2315 1784 pro-

199 1797 373 1843 nuntiat,
399 1809 522 1844 neque
549 1797 650 1833 enim
677 1796 802 1834 Iovem
828 1797 981 1834 Hectori
1008 1799 1132 1834 omnia
1158 1798 1313 1834 consilia
1338 1797 1591 1845 perfecturum
1618 1801 1656 1833 et
1682 1796 1860 1833 Troianos
1893 1795 1939 1833 de
1971 1808 2040 1833 sua
2066 1795 2187 1833 salute
2214 1796 2314 1843 cogi-

210 1860 360 1895 taturos
385 1867 477 1901 esse,
513 1857 545 1893 si
572 1855 740 1893 Achilles
766 1857 862 1893 iram
894 1858 1079 1894 remiserit
1106 1861 1144 1893 et
1177 1858 1215 1892 in
1250 1858 1410 1904 gratiam
1445 1868 1530 1893 cum
1557 1856 1832 1903 Agamemnone
1863 1855 2027 1892 redierit.
2079 1855 2197 1900 Quam
2230 1867 2316 1911 per-

137 1906 143 1912 *
215 1927 367 1953 versum
392 1917 445 1952 sit
469 1917 508 1951 in
532 1916 649 1952 talem
676 1927 780 1962 spem
797 1917 930 1960 venire,
958 1916 1096 1959 elucet3
1124 1917 1195 1952 nisi
1221 1916 1315 1952 forte
1333 1916 1469 1953 Nestor
1486 1915 1626 1953 oblitus
1644 1920 1712 1961 est,
1739 1915 1840 1962 quod
1862 1915 1975 1963 paulo
1992 1919 2079 1952 ante
2099 1915 2222 1963 (9307
2242 1915 2317 1964 sq.)

96 1999 100 2005 -
162 2005 181 2011 ,
215 1973 263 2012 de
287 1973 436 2013 Achille
461 1973 617 2019 audivit,
657 1974 723 2020 qui
763 1985 803 2010 se
828 1986 902 2010 non
940 1974 1049 2011 modo
1076 1986 1222 2022 pugnae
1250 1974 1464 2011 defuturum
1491 1974 1557 2010 sed
1584 1975 1699 2010 etiam
1725 1974 1876 2011 domum
1910 1974 2118 2010 rediturum
2145 1986 2225 2010 esse
2251 1973 2316 2009 de-

127 2026 131 2032 ’
214 2034 415 2074 nuntiavit.
467 2034 653 2079 Quoniam
681 2034 727 2071 de
754 2034 910 2072 Nestore
937 2035 1083 2071 locutus
1111 2046 1204 2079 sum,
1232 2047 1305 2071 non
1331 2034 1493 2071 alienum
1519 2045 1542 2070 a
1567 2034 1758 2082 proposito
1792 2045 1874 2071 meo
1900 2033 2047 2071 videtur
2083 2045 2163 2071 esse
2197 2044 2318 2082 pauca

215 2091 374 2141 alifem,
413 2091 552 2140 quibus
592 2093 730 2130 Nestor
766 2093 875 2140 longe
914 2093 1009 2129 alius
1043 2093 1206 2141 fingitur,
1243 2098 1357 2139 atque
1384 2093 1568 2129 Homerus
1606 2105 1691 2129 eum
1730 2092 1919 2130 describit.
1970 2093 2138 2138 Constat,
2176 2097 2317 2140 quanto

196 2152 343 2203 *studio
369 2157 409 2190 et
434 2165 562 2191 amore
588 2152 776 2191 Homerus
803 2153 904 2189 hunc
929 2153 1049 2189 virum
1075 2157 1226 2197 tractet,
1254 2152 1299 2189 de
1336 2153 1441 2190 cuius
1477 2152 1606 2200 lingua
1640 2153 1845 2190 orationem
1880 2152 1991 2190 melle
2024 2152 2171 2190 dulcius
2204 2151 2318 2190 fluere

214 2212 422 2262 praedicat.
473 2212 517 2251 In
544 2212 711 2250 Dolonea
737 2217 865 2250 autem
902 2217 939 2248 et
975 2213 1131 2249 dulcedo
1158 2217 1196 2248 et
1227 2213 1412 2259 sapientia
1451 2213 1641 2257 orationis,
1679 2223 1754 2259 qua
1791 2212 1955 2260 plurima
1979 2211 2115 2249 Nestor
2152 2212 2320 2259 alioquin

2488 1754 2496 1778 ,ι-
2481 1722 2495 1728 .'

2511 1800 2523 1820 ..⁴
2513 1734 2522 1758 ,-

216 2272 353 2323 utitur,
392 2272 611 2320 saepissime
646 2272 892 2309 desideratur.
945 2271 1085 2310 Omitto
1112 2286 1144 2310 v.
1173 2273 1233 2317 84,
1271 2283 1383 2318 quem
1421 2271 1531 2319 plane
1567 2270 1771 2308 absurdum
1808 2282 1992 2319 sensuque
2030 2276 2218 2309 carentem
2242 2272 2320 2309 iam

193 2331 463 2388 *Aristarchus
488 2331 598 2370 obelo
623 2332 780 2370 notavit.
833 2330 924 2376 Quis
951 2332 1048 2368 enim
1074 2331 1273 2369 ridiculum
1300 2343 1380 2368 esse
1406 2332 1605 2379 negaverit,
1639 2330 1835 2368 Nestorem
1861 2330 2175 2379 Agamemnonem
2209 2342 2319 2389 acce·-

215 2391 368 2431 dentem
394 2392 549 2440 alloqui,
576 2397 706 2430 utrum
732 2392 875 2429 mulum
902 2404 951 2428 an
976 2405 1090 2428 unum
1117 2392 1162 2429 de
1189 2392 1319 2428 amicis
1345 2392 1527 2439 quaerat?

228 2499 231 2501 .
398 2465 482 2505 Non
508 2467 632 2505 minus
657 2467 826 2516 ineptum
853 2471 923 2511 est,
950 2466 1051 2514 quod
1076 2466 1189 2514 paulo
1215 2466 1313 2503 infra
1339 2466 1386 2515 (v.
1417 2467 1489 2503 114
1515 2468 1585 2513 sq.)
1620 2465 1665 2502 de
1692 2465 1859 2503 Menelao
1895 2466 2005 2503 dicit:
2041 2478 2081 2503 se
2107 2465 2317 2503 Menelaum
2376 2510 2381 2514 ,
2409 2456 2504 2517 'si-433

129 2553 134 2558 ψ
216 2528 442 2594 vituperare,
475 2528 543 2575 qui
577 2527 743 2565 dormiat
768 2533 808 2565 et
834 2527 1102 2575 Agamemnoni
1138 2527 1263 2564 omnia
1296 2526 1547 2575 perpetranda
1571 2527 1822 2571 transmittat3
1865 2525 2055 2564 Menelaus
2088 2530 2215 2564 autem
2239 2526 2336 2565 iam‘
2414 2517 2418 2536 ³

57 2591 72 2606 ἃ
175 2621 177 2623 .
199 2587 323 2636 ‘tius
348 2585 509 2625 Nestore
535 2599 555 2625 e
583 2598 713 2625 somno
739 2588 946 2625 suscitatus
972 2598 1052 2624 esse
1079 2587 1126 2635 (v.
1155 2586 1220 2634 25)
1247 2598 1270 2623 a
1294 2590 1406 2634 poeta
1430 2590 1624 2629 narratur,
1651 2586 1779 2633 itaque
1806 2597 1880 2622 non
1905 2590 2031 2633 potest
2048 2586 2320 2633 intellegi‚cur
2252 2578 2383 2629 ‹zur—u*⁴

79 2642 96 2696 ζ
137 2653 153 2659 “
185 2656 189 2660 ’
213 2645 353 2690 Nestor
378 2658 424 2685 ea
448 2646 622 2689 socordia
648 2651 790 2692 utatur,
828 2659 914 2685 cum
940 2646 1132 2683 Menelaus
1166 2650 1249 2682 tota
1275 2645 1392 2682 Iliade
1418 2650 1591 2683 strenuus
1618 2650 1657 2682 et
1689 2657 1806 2682 navus
1837 2644 2009 2693 fingatur.
2061 2645 2157 2682 Tum
2183 2643 2320 2713 Nestor
2348 2686 2359 2694 ,N
2390 2638 2414 2644 ⁴
