2558 3003
230 447 392 499 ὦτοι
397 455 553 497 nonum·
570 464 611 491 se
636 451 818 501 adiungat
849 455 889 490 et
915 464 1030 501 quam
1055 454 1230 492 concinne
1256 452 1440 492 Homerus
1479 458 1616 500 narret,
1651 453 1964 502 Agamemnonem
1989 465 2013 492 a
2037 450 2217 493 Diomede
2251 438 2324 493 ad-

215 509 430 557 monitum,
454 515 500 549 ut
523 515 674 560 postero
700 511 760 548 die
785 523 855 549 sua
878 513 1099 550 fortitudine
1125 513 1287 550 Graecos
1312 512 1497 556 incendat,
1531 513 1741 560 praeclaras
1774 524 1835 549 res
1869 524 1995 559 gerere
2035 513 2322 560 (11.1-274),

171 563 184 596 Ῑ’
233 580 332 617 quae
355 581 480 619 regem
506 569 672 609 deceant
725 570 821 616 Quid
846 576 973 609 autem
999 572 1045 610 de
1069 572 1346 621 Agamemnone
1371 571 1459 609 libri
1484 571 1619 614 decimi
1644 572 1823 617 dicamus,
1859 569 1925 619 qui
1950 571 2059 610 modo
2084 572 2208 610 animo
2233 584 2323 610 cou-

233 628 407 667 firmatus
423 629 667 668 immoderato
693 630 811 668 luctui
838 631 1014 679 indulget,
1041 633 1106 679 qui
1131 643 1247 679 paene
1273 632 1332 669 sui
1357 633 1541 679 impotens
1568 636 1607 668 et
1633 631 1757 668 dolore
1775 642 1974 679 oppressus
1999 631 2153 679 capillos
2169 631 2321 669 evellit?

232 687 284 724 Et
308 687 372 725 hic
398 692 458 726 est
482 689 545 726 ille
570 689 834 738 Agamemnon,
861 693 926 738 qui
951 696 991 728 et
1015 691 1128 739 paulo
1154 703 1268 738 supra
1294 695 1332 727 et
1357 690 1455 726 infra
1480 690 1724 727 fortissimum
1750 695 1789 726 et
1821 689 2108 727 audacissimum
2146 703 2186 727 se
2210 702 2322 739 prae-

152 745 154 747 ’
181 758 185 762 ⁴
231 746 308 792 bet,
335 759 448 795 quem
470 742 744 798 βασιλεύτατον
769 749 904 788 Nestor
929 756 1042 788 antea
1068 751 1118 800 (9,
1137 750 1200 799 69)
1227 750 1333 787 dixit.
1386 749 1523 794 Quodsi
1549 754 1661 797 poeta
1686 749 1869 786 Doloneae
1897 750 1935 785 in
1962 748 2203 787 describendo
2220 749 2322 798 Agar

211 818 426 847 ,memnone
452 807 654 845 admodum
678 810 855 856 peccavit,
891 810 1012 847 multo
1046 802 1183 847 clarius
1208 811 1246 846 in
1273 808 1462 846 Diomedis
1501 809 1647 855 ingenio
1686 814 1725 845 et
1760 812 1897 845 natura
1930 808 2001 845 hoc
2040 808 2173 845 elucet.
2226 808 2323 846 Tota

232 865 350 903 Iliade
375 868 537 903 omnium
565 867 721 904 heroum
755 873 904 916 praeter
930 869 1114 906 Achillem
1139 869 1335 905 Diomedes
1373 869 1479 915 longe
1519 867 1745 904 fortissimus
1771 872 1810 903 et
1836 868 2172 913 ,constantissimus
2198 873 2256 905 est
2280 872 2321 905 et

232 926 299 974 qui
324 938 371 964 ne
398 938 484 965 cum
509 925 582 965 diis
607 927 758 985 quidem
777 929 950 977 congredi
967 929 1195 967 reformidat.
1234 928 1349 974 Idem,
1376 929 1545 976 quamvis
1562 928 1751 976 perterriti
1768 927 1904 975 reliqui
1921 926 2066 976 fugiant
2091 927 2143 977 (9,
2168 928 2218 965 46
2235 927 2321 978 sq.),

230 985 292 1021 vel
317 997 357 1022 se
383 987 503 1023 solum
531 998 616 1023 cum
642 986 817 1024 Sthenelo
843 989 892 1024 ad
918 989 1065 1025 Troiam
1092 1000 1348 1025 remansurum
1375 1000 1493 1035 neque
1527 988 1612 1024 inde
1639 992 1725 1023 ante
1766 998 1957 1023 cessurum
1997 999 2077 1024 esse
2115 987 2321 1032 denuntiat,

232 1056 348 1092 quam
373 1044 466 1083 urbe
491 1047 633 1094 potitus
660 1048 721 1092 sit,
760 1051 798 1084 et
835 1048 874 1084 in
905 1047 993 1096 fuga
1030 1050 1194 1086 omnium
1232 1047 1432 1085 fortissime
1466 1048 1610 1085 resistit
1648 1051 1880 1093 mortemque
1918 1047 2017 1084 vitae
2056 1047 2321 1094 ignominiosae

231 1104 397 1151 praefert
421 1105 474 1152 (8,
504 1106 574 1142 147
602 1106 685 1155 sq.).
737 1106 869 1143 Virum
895 1107 1035 1144 talibus
1061 1107 1273 1154 praeditum
1297 1106 1501 1143 virtutibus
1539 1118 1658 1152 neque
1697 1106 1932 1142 humanitate
1971 1110 2161 1142 carentem
2185 1105 2235 1142 ad
2260 1117 2321 1143 res

233 1160 382 1200 fortiter
406 1164 586 1211 gerendas
611 1177 701 1213 prae
732 1167 867 1203 ceteris
893 1167 1129 1214 aptissimum
1166 1178 1245 1204 esse
1271 1167 1355 1213 quis
1381 1166 1596 1213 negaverit?
1647 1164 1770 1202 Noctu
1808 1169 1936 1202 autem
1974 1165 2094 1202 instar
2131 1164 2224 1202 furis
2262 1164 2323 1203 vel

232 1221 390 1260 latronis
440 1222 610 1262 homines
657 1224 820 1263 defessos
859 1230 896 1263 et
935 1226 1160 1264 dormientes
1213 1226 1419 1274 opprimere
1458 1230 1496 1262 et
1533 1224 1722 1262 trucidare
1771 1224 2066 1272 haudquaquam
2104 1223 2321 1262 Diomedem

232 1280 470 1320 Homericum
496 1283 612 1321 decet.
627 1306 677 1312 —
690 1284 909 1322 Extremum
935 1291 1002 1331 est,
1029 1291 1073 1323 ut
1098 1286 1143 1323 de
1169 1286 1393 1333 quibusdam
1419 1285 1510 1322 locis
1533 1289 1676 1333 agatur,
1704 1285 1768 1321 ubi
1783 1284 1968 1322 Doloneae
1992 1289 2114 1333 poeta,
2141 1296 2256 1332 quam
2276 1288 2320 1321 ut

233 1342 378 1377 animos
404 1344 480 1378 sive
506 1343 687 1379 lectorum
721 1346 796 1380 sive
833 1346 1048 1381 auditorum
1083 1346 1130 1381 ad
1164 1357 1270 1381 suam
1309 1346 1560 1381 narrationem
1599 1345 1788 1391 perducat,
1825 1344 1920 1379 nihil
1958 1345 2149 1389 antiquius
2187 1344 2319 1387 habet3

233 1411 310 1448 qua
334 1401 373 1437 in
398 1413 439 1438 re
465 1407 504 1439 et
529 1414 665 1451 magna
691 1404 797 1452 copia
822 1403 1019 1442 verborum
1045 1405 1165 1442 utitur
1191 1409 1229 1443 et
1246 1417 1372 1442 verum
1392 1403 1593 1442 Homerum
1619 1404 1680 1441 hic
1707 1404 1784 1441 illic
1808 1402 1956 1451 illepide
1974 1407 2088 1450 atque
2105 1403 2320 1441 inconcinne

232 1460 413 1497 imitatur.
478 1462 558 1498 Iam
594 1463 659 1499 alii
696 1466 862 1500 animum
897 1455 1147 1509 adverterunt,
1184 1477 1297 1511 quam
1336 1464 1558 1500 mirabiliter
1597 1465 1723 1500 vestiti
1762 1468 1801 1499 et
1839 1465 1975 1500 armati
2001 1462 2257 1511 Agamemnon
2282 1467 2322 1499 et

232 1519 435 1565 Menelaus,
461 1522 656 1560 Diomedes
683 1529 721 1561 et
745 1524 864 1561 Dolon
891 1526 1184 1571 conspiciantur;
1210 1524 1464 1571 Agamemnon
1489 1530 1682 1561 cruentam
1708 1524 1843 1571 pellem
1871 1523 1988 1560 leonis
2014 1523 2138 1560 induit
2165 1522 2213 1569 (v.
2239 1523 2319 1571 23),

233 1578 423 1616 Menelaus
448 1580 584 1628 pellem
609 1582 891 1630 pantherinam3
917 1582 1114 1621 Diomedes
1140 1588 1178 1620 et
1203 1584 1283 1631 ipse
1301 1587 1387 1620 cute
1413 1583 1529 1620 leonis
1556 1594 1595 1620 se
1613 1583 1735 1627 vestit,
1763 1582 1883 1619 Dolon
1906 1593 2040 1630 corpus
2057 1581 2153 1630 pelle
2181 1580 2319 1629 lupina,

233 1644 347 1687 caput
372 1639 481 1687 galea
506 1653 525 1676 e
552 1641 649 1688 pelle
674 1644 838 1680 viverrae
872 1644 1041 1680 confecta
1077 1646 1181 1691 tegit.
1233 1644 1316 1680 Non
1356 1646 1478 1687 minus
1517 1646 1685 1691 ineptum
1725 1650 1794 1687 est,
1834 1645 1866 1680 si
1902 1643 2068 1679 videmus
2095 1643 2243 1679 Ulixem
2282 1647 2322 1679 et

231 1697 450 1735 Diomedem
478 1699 526 1735 ad
552 1704 772 1738 nocturnam
790 1702 1060 1750 expeditionem
1087 1702 1317 1751 profecturos
1343 1714 1416 1740 non
1443 1703 1613 1740 omnibus
1640 1704 1754 1740 armis
1780 1703 1983 1738 instructos
2009 1713 2100 1747 esse,
2127 1702 2182 1738 ita
2207 1705 2251 1738 ut
2276 1712 2321 1738 ea

232 1770 369 1805 magna
394 1770 440 1795 ex
465 1763 573 1805 parte
599 1772 623 1797 a
641 1760 803 1798 Merione
829 1767 867 1799 et
893 1762 1144 1810 Thrasymede
1170 1764 1333 1799 mutuari
1361 1766 1550 1809 cogantur.
1604 1763 1683 1800 Hoc
1709 1764 1789 1799 loco
1817 1762 1922 1809 galea
1950 1761 2125 1798 Merionis
2151 1760 2321 1798 Diomedi

233 1817 376 1854 tradita
401 1817 600 1866 diligenter
630 1820 864 1866 describitur,
902 1824 1040 1869 quain
1065 1834 1106 1858 re
1144 1821 1436 1859 luculentissime
1473 1824 1644 1870 cognosci
1681 1826 1816 1870 potest,
1854 1826 1891 1857 et
1930 1832 2043 1868 quam
2081 1820 2246 1857 studiose
2283 1824 2322 1856 et

231 1889 347 1924 quam
371 1890 542 1925 perverse
569 1885 679 1926 poeta
705 1881 889 1918 Doloneae
915 1895 1042 1918 verum
1068 1882 1271 1919 Homerum
1297 1883 1467 1918 imitatus
1494 1884 1553 1919 sit.
1607 1882 1713 1918 Hanc
1731 1883 1876 1929 galeam
1894 1880 2129 1917 exstantibus
2147 1879 2321 1916 dentibus

232 1935 315 1985 apri
341 1939 564 1975 instructam
591 1938 639 1976 ab
664 1940 846 1989 Autolyco
872 1942 1035 1990 quodam
1073 1946 1216 1991 raptam
1256 1945 1295 1978 et
1320 1941 1404 1978 aliis
1443 1941 1615 1989 deinceps
1654 1941 1832 1978 traditam
1862 1946 1900 1977 et
1926 1944 2117 1989 postremo
2144 1939 2321 1976 Merionis

231 1997 372 2035 factam
398 2010 479 2036 esse
504 2000 695 2045 audimus;
723 2001 788 2038 sed
814 2003 898 2048 quis
924 2014 997 2039 non
1023 2004 1190 2046 miretur,
1216 2014 1299 2039 eam
1326 2002 1483 2049 galeam,
1510 2013 1623 2047 quam
1652 2001 1805 2038 verbose
1832 2007 1870 2038 et
1905 2001 2095 2038 enucleate
2118 2003 2230 2047 poeta
2258 1999 2325 2037 de-

232 2056 379 2108 scribit,
403 2056 452 2093 ad
476 2058 746 2106 expeditionem
764 2071 811 2096 ne
837 2061 1031 2097 minimum
1050 2060 1200 2108 quidem
1227 2061 1377 2098 valere?
1430 2059 1548 2104 Quam
1576 2060 1697 2097 obiter
1723 2061 1761 2096 in
1778 2059 1940 2096 Homero
1967 2058 2148 2095 imitando
2174 2070 2214 2095 se
2240 2071 2325 2106 ges-

232 2118 334 2163 serit,
372 2118 455 2156 luce
482 2118 620 2155 clarius
646 2125 714 2166 est,
756 2121 788 2157 si
814 2111 1073 2170 descriptionis
1100 2124 1292 2167 rationem,
1331 2133 1405 2169 qua
1430 2120 1613 2158 Homerus
1650 2122 1781 2166 utitur,
1821 2133 1907 2157 cum
1945 2120 2013 2157 illa
2051 2130 2327 2167 comparamus,

232 2176 418 2214 Homerus
445 2179 597 2225 quidem
623 2184 809 2227 sceptrum
836 2180 1122 2229 Agamemnonis
1149 2182 1199 2231 (2,
1228 2182 1453 2230 101-108)‚
1481 2191 1586 2217 arma
1604 2181 1889 2227 Agamemnonis
1917 2179 1994 2227 (11,
2016 2179 2192 2229 17-43),
2218 2190 2326 2216 arma

231 2236 391 2276 Achillis
418 2239 496 2288 (18,
524 2239 751 2289 478-613)‚
777 2241 903 2278 vinum
920 2254 944 2279 a
960 2241 1113 2280 Marone
1130 2243 1233 2280 Ulixi
1251 2241 1429 2278 donatum
1447 2241 1726 2288 diligentissime
1744 2240 1923 2277 describit
1940 2239 2024 2287 (Οᾶ.
2043 2239 2078 2284 9,
2096 2239 2325 2288 204-211),

233 2296 301 2334 sed
327 2297 368 2335 hi
393 2299 467 2336 loci
494 2311 580 2336 cum
607 2303 736 2336 nostro
761 2299 843 2337 loco
862 2312 1099 2349 nequaquam
1127 2302 1285 2340 conferri
1311 2306 1477 2350 possunt.
1531 2301 1632 2337 Talis
1651 2300 1851 2348 descriptio
1869 2311 1987 2346 neque
2013 2300 2053 2335 in
2070 2298 2190 2336 Iliade
2207 2311 2326 2347 neque

232 2359 272 2396 in
298 2358 465 2408 Odyssea
489 2362 685 2406 invenitur,
712 2361 785 2397 nisi
811 2372 896 2397 cum
922 2361 1107 2401 Homerus
1132 2363 1387 2400 demonstrare
1412 2362 1503 2406 vult,
1545 2363 1583 2398 in
1609 2361 1720 2398 rebus
1760 2360 1983 2408 singularem
2022 2358 2213 2405 quandam
2249 2360 2326 2396 vim

232 2419 365 2465 inesse,
390 2432 488 2468 quae
513 2421 614 2458 ultro
641 2421 765 2458 animo
792 2431 832 2458 se
859 2419 1000 2459 offerat.
1054 2422 1197 2471 Sceptri
1223 2422 1510 2470 Agamemnonei
1551 2421 1686 2458 nobilis
1713 2422 1814 2468 origo
1841 2431 1883 2457 eo
1922 2419 2005 2456 loco
2043 2430 2182 2467 magna
2220 2419 2328 2467 copia

231 2478 429 2517 verborum
455 2486 694 2526 memoratur,
721 2494 796 2528 quo
823 2482 887 2518 ille
912 2481 1073 2520 Achivos
1099 2483 1242 2520 somnio
1269 2482 1508 2520 confirmatus
1534 2483 1583 2519 ad
1610 2482 1788 2529 proelium
1816 2481 1976 2524 excitat3
2003 2491 2110 2516 arma.
2127 2479 2327 2527 Agamem-

231 2540 340 2577 nonis
367 2544 407 2576 et
430 2540 589 2577 Achillis
629 2541 819 2577 enucleate
845 2554 888 2579 eo
915 2545 1082 2590 tempore
1120 2553 1265 2590 pugnae
1305 2541 1576 2587 describuntur,
1614 2552 1688 2588 quo
1727 2540 1861 2576 horum
1899 2539 2066 2576 virorum
2103 2537 2327 2575 fortitudine

184 2645 195 2646 W
232 2598 383 2638 Tmiani
417 2600 650 2649 repelluntur
657 2615 668 2646 3
707 2601 753 2639 de
790 2602 875 2639 vino
901 2601 1066 2641 Maronis
1104 2604 1256 2651 eiusque
1282 2603 1319 2639 vi
1345 2613 1387 2640 eo
1414 2604 1495 2641 loco
1523 2601 1707 2649 Odysseae
1735 2599 1918 2637 Homerus
1957 2598 2107 2648 planius
2146 2598 2325 2646 loquitur,

125 2699 153 2713 ‚
190 2667 192 2669 '
231 2670 308 2706 quo
332 2658 463 2697 Ulixes
488 2660 561 2697 hoc
587 2662 672 2697 vino
697 2661 967 2709 Polyphemum
993 2662 1138 2699 ebrium
1163 2663 1288 2699 reddit
1315 2667 1353 2699 et
1379 2664 1449 2699 hoc
1475 2662 1585 2698 modo
1613 2660 1684 2695 sibi
1711 2660 1907 2705 sociisque,
1934 2660 2001 2705 qui
2026 2661 2238 2705 supersunt.
2265 2669 2329 2694 sa-
