2558 3003
498 201 500 204 ,
939 163 1218 223 ,quamquam
1228 139 1342 212 huius
1366 161 1479 221 poeta
1502 185 1577 217 non
1600 173 1694 212 facit
1716 174 1955 220 mentionem,
1982 171 2034 213 ad
2058 172 2215 216 mm·
2226 168 2341 225 3111-

494 214 611 272 αὖ.
625 227 908 282 exfergefnoem
932 231 1051 279 iubet,
1073 236 1118 270 ut
1142 232 1337 271 eonsilium
1362 232 1422 270 101
1453 231 1632 270 redeundi
1656 228 1717 270 101
1748 232 1940 281 pugnandi
1972 234 2173 282 capiatur.
2192 228 2322 273 Μ
2387 240 2393 242 ’

445 290 509 333 W
521 292 600 341 sq.)
624 289 753 330 autem
777 301 802 329 8
825 290 1004 329 Diomede
1030 291 1192 330 Graecos
1217 291 1408 330 admoneri
1432 291 1600 329 videmus
1626 304 1772 329 summo
1797 304 1882 330 cum
1906 291 2041 340 plausu
2066 303 2262 338 omnim,
2273 295 2322 330 ut

202 451 215 459 ,
227 410 594 459 noneognoseimus.
647 410 758 447 Ulixe
784 410 984 465 adsumpto
1008 410 1145 448 Nestor
1169 412 1379 459 reliquique
1416 411 1529 449 duces
1555 411 1603 448 ad
1629 411 1846 449 Diomedem
1879 412 2042 457 veniunt,
2075 423 2188 460 quem
2220 413 2321 450 inter

156 467 163 472 “
227 465 372 509 medios
396 470 536 508 amicos
561 469 808 511 dormientem
833 471 1034 508 inveniunt.
1086 470 1223 508 Nestor
1247 473 1368 508 virum
1394 472 1567 508 conviciis
1594 473 1752 509 suscitat
1776 471 1824 520 (v.
1853 472 1941 519 158)
1975 472 2076 509 calce
2106 472 2319 540 potentins

230 533 270 568 et
294 529 455 578 quaerit,
481 541 549 578 cur
573 541 640 578 per
665 533 786 568 ‘tetam
810 533 958 567 noctem
983 530 1155 577 dormiat,
1181 543 1266 568 cum
1284 531 1433 569 Troiani
1459 531 1497 567 in
1522 531 1667 568 tumulo
1693 530 1929 569 consederint
1953 543 2071 579 neque
2095 531 2169 570 11181
2186 531 2320 581 exiguo

229 592 354 640 spatio
379 602 404 628 a
428 589 656 628 Graecorum
682 591 817 628 castris
842 590 1036 628 navalibus
1062 592 1221 628 seiuncti
1247 593 1333 629 sint.
1383 591 1464 629 Hoc
1498 592 1579 628 loco
1611 591 1784 628 videntur
1817 593 1942 629 omnia
1972 592 2192 629 inconcinna
2214 603 2318 630 estez

226 651 313 698 quis
339 651 439 687 0111111
464 649 678 685 Diomedem
703 649 962 696 reprehendat,
994 650 1095 696 quod
1120 655 1233 686 noctu
1258 650 1407 695 dormit,
1434 652 1652 698 praesertim
1679 662 1764 686 cum
1789 652 1888 686 inter
1913 662 2040 687 omnes
2065 649 2228 687 Graecos
2252 649 2317 687 1110

227 705 296 749 111
310 708 498 759 impavido
524 710 647 747 animo
673 713 712 747 et
744 708 966 768 assiduitate
1004 709 1194 758 pugnandi
1220 709 1405 748 excellat?
1457 709 1540 747 Huc
1578 709 1731 756 accedit,
1771 709 1872 758 quod
1897 708 2034 748 Nestor
2074 709 2318 748 dormientem

225 769 457 819 calcitrando
483 781 613 806 somno
638 770 780 816 eripere
807 775 981 813 conatur3
1008 770 1108 816 quod
1134 781 1242 806 nemo
1268 781 1388 816 aequo
1414 771 1537 806 animo
1564 770 1672 807 facile
1697 770 1923 807 toleraverit.
1949 791 2000 798 —

404 838 560 877 Fossam
597 840 830 887 transgressi,
865 840 974 876 cuius
1012 840 1066 876 rei
1105 851 1179 877 non
1217 838 1385 877 adfertur
1424 852 1546 884 causa,
1586 841 1806 885 consistunt,
1849 839 1915 876 ubi
1954 839 2092 877 Hector
2133 840 2317 888 fugientes

229 896 391 935 Graecos
416 898 589 945 persequi
615 897 823 942 destiterat,
857 903 896 935 et
922 898 1058 935 Nestor
1090 899 1308 935 inconsilio
1335 900 1559 944 sciscitatur,
1590 911 1710 935 nonne
1736 900 1822 945 quis
1847 900 2014 935 animum
2039 899 2193 936 inducat
2217 899 2316 936 elam

229 957 280 1011 ad
305 957 548 1002 Troianorum
575 960 701 994 castra
738 956 841 994 adire
879 957 1124 1006 exploratum,
1151 958 1347 996 Troianine
1374 959 1411 994 in
1445 959 1569 996 animo
1595 957 1761 995 habeant
1797 970 1913 1007 prope
1949 970 2062 996 naves
2088 957 2315 997 Graecorum

227 1029 376 1054 manere
402 1028 450 1053 an
475 1018 515 1052 111
541 1017 720 1064 oppidum
747 1028 857 1053 suum
881 1019 1017 1054 reverti
1043 1018 1195 1055 Graecis
1220 1018 1339 1054 victis.
1367 1040 1412 1045 —
1440 1019 1528 1054 Veri
1561 1018 1682 1054 simile
1723 1029 1796 1054 non
1836 1023 1904 1063 est,
1942 1018 2120 1055 Troianos
2158 1019 2318 1055 victores

226 1076 423 1114 consilium
440 1077 545 1124 prius
563 1076 695 1112 initum
718 1077 993 1124 exspectatione
1020 1077 1176 1114 celerius
1201 1078 1421 1114 remissuros
1447 1089 1536 1114 esse.
1590 1077 1696 1122 Quod
1722 1078 1754 1114 si
1777 1076 1914 1114 Nestor
1930 1077 2034 1125 loqui
2060 1078 2192 1126 pergit,
2219 1089 2315 1124 eum,

223 1138 288 1184 qui
314 1141 458 1174 certum
492 1137 664 1172 nuntium
701 1135 747 1172 de
773 1137 1018 1174 Troianorum
1056 1137 1220 1174 consiliis
1257 1138 1438 1182 attulerit,
1478 1149 1644 1174 summae
1682 1137 1805 1174 laudis
1841 1138 1939 1174 inter
1977 1149 2105 1174 omnes
2145 1137 2316 1175 homines

223 1196 444 1244 participem
470 1195 639 1232 futurum
664 1200 704 1231 et
729 1197 905 1232 eximium
932 1196 1070 1232 donum
1095 1208 1119 1233 a
1144 1209 1292 1243 quoque
1318 1198 1396 1233 viro
1422 1201 1663 1244 accepturum
1689 1208 1779 1241 esse,
1808 1208 1913 1232 ovem
1938 1198 2081 1244 nigram
2109 1209 2195 1233 cum
2220 1208 2316 1245 agno

226 1255 399 1302 lactente,
425 1254 497 1293 hoc
523 1254 674 1303 quidem
699 1267 783 1293 vere
810 1256 969 1293 stultum
995 1255 1150 1294 videtur.
1203 1256 1246 1294 In
1272 1256 1345 1294 hac
1383 1256 1643 1305 descriptione,
1683 1256 1729 1294 de
1769 1268 1845 1304 qua
1882 1256 1995 1305 paulo
2034 1256 2132 1295 infra
2166 1257 2315 1306 planius

223 1316 336 1352 verba
360 1315 507 1360 faciam,
533 1317 578 1359 is,
605 1317 671 1361 qui
696 1315 898 1352 Doloneam
924 1318 1085 1363 scripsit,
1112 1316 1313 1353 Homerum
1339 1317 1489 1363 illepide
1515 1318 1685 1351 imitatus
1711 1321 1779 1352 est.

403 1374 457 1412 Ut
482 1374 658 1411 redeatur
683 1385 737 1420 οο,
764 1374 861 1412 1111110
888 1374 1076 1413 aberravit
1112 1377 1243 1422 oratio,
1282 1377 1417 1413 mirum
1444 1375 1601 1421 videtur,
1642 1375 1742 1422 quod
1768 1375 1965 1413 Diomedes
2002 1376 2113 1414 modo
2139 1389 2159 1414 e
2185 1388 2315 1415 somno

221 1436 426 1472 suscitatus
463 1436 545 1479 scit,
588 1435 689 1481 quod
733 1435 927 1471 consilium
954 1435 1089 1472 Nestor
1126 1436 1312 1473 moliatur.
1381 1436 1437 1471 An
1481 1437 1680 1481 quisquam
1719 1435 1932 1480 affirmabit,
1974 1437 2046 1473 hoc
2084 1437 2162 1473 ullo
2204 1437 2315 1474 modo

219 1493 302 1532 fieri
326 1494 461 1542 posse?

402 1552 581 1589 Similiter
606 1564 733 1589 1018118
762 1554 834 1589 175
860 1558 899 1589 et
926 1554 998 1590 176
1025 1559 1152 1590 carent
1177 1558 1394 1601 argumento
1421 1553 1540 1589 claro:
1582 1553 1678 1589 Aiax
1717 1554 1813 1589 enim
1850 1555 1972 1591 minor
2011 1559 2050 1591 et
2075 1555 2200 1602 Meges
2224 1566 2316 1602 prae

220 1613 376 1660 reliquis
401 1611 578 1649 heroibus
605 1611 734 1649 Iliadis
761 1612 942 1650 secundas
968 1618 1093 1660 partes
1120 1618 1236 1661 agunt
1262 1625 1379 1660 neque
1407 1624 1533 1649 eorum
1558 1617 1624 1648 aut
1650 1612 1792 1649 dictum
1818 1618 1885 1650 aut
1910 1612 2052 1650 factum
2085 1615 2124 1650 in
2149 1614 2315 1652 Dolonea

343 1675 541 1708 emoratur.

220 1684 342 1709 comm
399 1731 664 1778 Agamemnon,
690 1731 737 1768 de
763 1743 836 1779 quo
863 1731 957 1768 nihil
984 1732 1122 1769 dicitur
1147 1744 1170 1769 a
1195 1744 1303 1769 versu
1323 1732 1395 1768 130
1412 1743 1529 1778 usque
1546 1731 1595 1767 ad
1613 1743 1759 1768 versum
1778 1732 1863 1776 233,
1891 1732 1937 1769 de
1955 1732 2124 1769 Menelao
2142 1737 2313 1770 metuens

217 1791 439 1841 Diomedem
464 1791 504 1827 in
530 1795 656 1828 castra
674 1790 919 1829 Troianorum
945 1792 1041 1829 clam
1067 1794 1282 1829 invasurum
1308 1797 1346 1829 et
1373 1793 1512 1828 socium
1540 1796 1779 1838 quaerentem
1805 1791 1991 1837 admonet,
2019 1804 2065 1829 ne
2091 1791 2314 1830 verecundia

221 1855 429 1890 commotus
454 1850 645 1888 meliorem
673 1851 862 1898 relinquat
900 1851 1194 1898 deterioremque
1218 1856 1396 1896 assumat,
1434 1863 1507 1888 non
1533 1853 1605 1887 nisi
1632 1851 1793 1888 nobilem
1821 1853 2002 1899 originem
2029 1864 2183 1897 curans3
2217 1864 2314 1900 111180

217 1911 332 1964 verba
357 1922 480 1961 sensu¹
494 1910 656 1948 dilucido
683 1916 819 1948 carent.
847 1932 897 1938 —

400 1970 527 2006 Simile
553 1971 749 2014 consilium
775 1982 842 2017 per
867 1971 1139 2017 exploratorem
1165 1970 1379 2017 speculandi
1404 1970 1543 2006 Hector
1583 1982 1667 2006 cum
1695 1973 1771 2007 suis
1798 1976 1941 2008 tractat
1977 1974 2015 2008 in
2050 1973 2170 2008 altera
2205 1976 2312 2018 parte

219 2028 407 2067 Doloneae
434 2039 458 2066 a
483 2040 592 2067 versu
617 2028 702 2066 299.
754 2028 826 2066 Sed
864 2041 909 2066 ne
948 2029 1010 2067 hic
1047 2028 1198 2076 quidem
1234 2041 1293 2067 res
1332 2028 1547 2066 melioribus
1587 2031 1817 2077 argumentis
1858 2030 2100 2068 confirmatur
2133 2041 2247 2078 quam
2272 2031 2311 2068 in

219 2089 342 2136 priore
368 2095 486 2137 parte.
541 2088 680 2126 Suadet
704 2088 854 2134 Hector,
880 2094 924 2125 ut
940 2091 996 2126 vir
1013 2089 1121 2126 fortis
1147 2089 1195 2126 ad
1222 2095 1346 2127 castra
1362 2091 1509 2127 navalia
1526 2091 1752 2128 Graecorum
1779 2098 1921 2129 secreto
1940 2092 2095 2128 accedat
2119 2097 2158 2128 et
2174 2092 2310 2138 videat,

221 2151 350 2184 utrum
375 2160 487 2186 naves
512 2148 726 2187 custodiant
751 2152 795 2185 ut
821 2153 942 2194 antea,
983 2160 1029 2185 an
1070 2149 1145 2185 iam
1171 2147 1216 2185 de
1255 2147 1344 2197 fuga
1381 2150 1545 2197 cogitent
1585 2155 1624 2186 et
1663 2151 1852 2188 custodias
1891 2155 2092 2188 nocturnas
2128 2151 2310 2189 collocare

216 2208 416 2253 omittant3
442 2209 555 2246 verba
572 2214 698 2246 autem
724 2209 775 2254 ὥς
792 2209 837 2248 τὸ
862 2208 987 2260 πάρος
1012 2223 1085 2260 περ
1112 2220 1221 2245 8011811
1240 2214 1377 2254 carent,
1404 2222 1522 2256 neque
1540 2212 1639 2247 enim
1656 2216 1767 2247 antea
1786 2211 1930 2258 aliquid
1947 2211 2068 2248 simile
2085 2210 2313 2248 commem&

187 2263 341 2325 ssratum
367 2273 436 2305 est.
487 2269 604 2305 Paulo
630 2268 728 2304 infra
752 2268 880 2304 mirari
905 2268 1005 2312 licet,
1039 2280 1105 2305 cur
1131 2273 1303 2315 coeptum
1338 2268 1385 2305 ab
1413 2269 1572 2307 Hectore
1601 2270 1899 2307 commendatum
1925 2270 2044 2307 Dolon
2078 2269 2310 2318 profiteatur,

215 2328 315 2366 filius
342 2329 547 2376 praeconis,
574 2328 695 2377 figura
721 2328 861 2375 turpis3
888 2328 953 2374 qui
979 2340 1054 2375 quo
1080 2329 1160 2365 iure
1186 2328 1284 2364 inter
1309 2340 1478 2376 proceres
1506 2330 1766 2378 conspiciatur,
1794 2342 1901 2366 nemo
1931 2329 2126 2377 intellegit.
2153 2350 2199 2359 -
2226 2328 2310 2367 Non

214 2389 337 2428 minus
364 2388 543 2427 stolidum
569 2393 626 2427 est
651 2388 701 2435 id,
728 2387 830 2436 quod
854 2387 994 2427 Hector
1019 2390 1226 2438 praemium
1260 2391 1434 2437 proponit
1460 2392 1505 2436 01,
1546 2391 1611 2437 11111
1637 2401 1787 2426 munere
1814 2394 1987 2438 suscepto
2025 2389 2120 2427 bene
2158 2388 2309 2429 functus

122 2489 124 2491 ,
172 2466 181 2499 ‘.
213 2450 265 2487 sit
288 2452 338 2498 (1.
367 2449 443 2486 305
469 2451 550 2495 sq.),
577 2460 690 2495 quam
717 2449 818 2495 quod
844 2448 967 2485 Dolon
993 2449 1170 2497 postulat,
1198 2461 1348 2486 currum
1373 2450 1532 2488 Achillis
1560 2451 1652 2493 11100,
1679 2463 1710 2485 v.
1739 2450 1824 2485 322.
1876 2449 1979 2486 Haec
1998 2450 2112 2486 verba
2135 2449 2309 2486 Hectoris

0 2553 25 2567 Μ
63 2544 64 2547 ,
140 2540 142 2543 .
194 2513 255 2547 ’01,
279 2520 409 2548 versus
435 2507 512 2547 330
535 2512 689 2558 propter
714 2520 847 2547 vanam
875 2510 1161 2547 ostentationem
1187 2520 1211 2546 a
1236 2512 1372 2546 natura
1398 2514 1436 2547 et
1462 2511 1606 2559 ingenio
1632 2510 1701 2547 viri
1728 2510 1879 2546 omnino
1904 2508 2120 2547 abhorrent.

0 2568 83 2624 ἓν
98 2610 113 2616 -
391 2580 435 2618 V.
462 2581 537 2617 376
565 2592 621 2627 sq.
649 2579 845 2617 Diomedes
872 2584 911 2616 et
936 2579 1065 2617 Ulixes
1091 2580 1270 2617 Dolonem
1296 2579 1497 2627 fugientem
1525 2582 1688 2627 capiunt,
1716 2581 1782 2626 qui
1808 2580 2071 2627 interrogatus,
2105 2584 2232 2616 utrum
2258 2579 2308 2616 ab

216 2638 379 2679 Hectore
405 2639 639 2688 speculatum
664 2641 801 2678 missus
827 2639 876 2677 ad
902 2651 1013 2677 naves
1031 2640 1257 2678 Graecorum
1284 2651 1332 2676 an
1350 2652 1418 2677 sua
1435 2644 1566 2687 sponte
1585 2638 1775 2687 profectus
1802 2640 1864 2684 sit,
1882 2639 2093 2687 respondet,
2109 2638 2309 2679 Hectorem

2090 2707 2129 2742 1*

380 350 622 393 eonffinent
645 361 819 400 pugnam.
870 348 942 396 Qui
967 349 1046 398 fiat,
1071 355 1122 391 ut
1139 351 1234 390 11ωο
1257 363 1318 390 108
1335 351 1464 401 paucis
1489 351 1591 389 horis
1619 356 1706 401 post
1727 363 1748 389 e
1764 348 1934 390 Nestoris
1949 352 2131 391 memoria
2153 352 2320 400 cenarit,
2381 385 2385 388 Δ
