2558 3003
530 1117 688 1202 De
755 1118 1115 1204 Iliadis
1181 1110 1456 1205 libro
1521 1120 2009 1204 decimo.

397 1341 539 1407 Iliadis
565 1369 704 1407 librum
732 1367 915 1408 decimum
942 1371 1018 1408 sive
1044 1370 1247 1408 Doloneam
1279 1382 1375 1418 quae
1408 1374 1561 1408 vocatur
1586 1383 1605 1407 e
1637 1375 1814 1409 contextu
1847 1372 1965 1408 totius
1999 1371 2183 1419 poematis
2216 1372 2313 1420 epici

220 1432 542 1471 exterminandum
573 1437 612 1471 et
638 1445 787 1471 carmen
813 1434 998 1483 singulare
1030 1433 1240 1472 habendum
1267 1446 1347 1472 esse
1373 1435 1449 1471 iam
1474 1435 1513 1470 in
1540 1434 1682 1472 scholio
1715 1434 1827 1471 huius
1860 1433 1947 1471 libri
1982 1433 2129 1482 legitur,
2164 1438 2204 1472 et
2227 1434 2310 1483 ple-

220 1493 338 1539 rique,
365 1494 430 1539 qui
455 1492 640 1529 Doloneae
666 1505 818 1541 operam
844 1498 1082 1538 navaverunt,
1108 1494 1196 1530 huic
1221 1496 1276 1530 rei
1302 1495 1567 1531 assentiuntur.
1619 1493 1743 1530 Meum
1769 1495 1841 1530 erit
1866 1493 2054 1539 nonnulla,
2082 1505 2179 1541 quae
2205 1505 2312 1541 repe-

217 1551 316 1589 tenti
341 1551 435 1589 mihi
460 1551 599 1589 librum
623 1553 662 1589 in
687 1558 850 1590 mentem
875 1558 1063 1598 venerunt,
1095 1564 1308 1601 proponere.
1359 1553 1411 1590 At
1435 1565 1509 1590 non
1535 1565 1609 1600 quo
1635 1565 1731 1590 nova
1756 1564 1923 1600 promere
1950 1557 2017 1589 aut
2031 1551 2099 1597 ea,
2125 1564 2222 1600 quae
2238 1554 2309 1589 viri

222 1609 322 1649 docti
349 1615 562 1659 sanxerunt,
588 1611 830 1662 comprobare
857 1617 895 1650 et
920 1613 1136 1663 impugnare
1162 1612 1282 1660 velim,
1308 1613 1347 1651 in
1372 1612 1563 1662 publicum
1589 1612 1737 1662 prodeo,
1764 1612 1829 1651 sed
1855 1612 2025 1651 sollemni
2051 1612 2311 1652 consuetudini

0 1684 58 1719 jv!
221 1671 281 1708 vel
305 1673 431 1719 potius
456 1674 670 1710 necessitati
697 1673 862 1718 oboedio,
901 1685 1015 1730 quam
1041 1685 1103 1709 eos
1129 1674 1187 1710 vel
1212 1675 1348 1710 invitos
1386 1675 1491 1720 sequi
1531 1674 1647 1718 decet,
1686 1675 1751 1720 qui
1790 1674 1956 1719 alioquin
1997 1675 2036 1709 in
2072 1676 2311 1720 conspectum

0 1727 50 1764 {r
221 1729 425 1768 multorum
451 1731 648 1780 procedere
674 1731 816 1771 nolunt.

398 1968 551 2008 Graecis
576 1969 795 2008 fortitudine
820 1969 992 2008 Hectoris
1017 1971 1056 2007 in
1082 1974 1207 2008 castra
1231 1970 1377 2008 navalia
1401 1970 1561 2019 repulsis
1587 1969 1701 2007 Troes
1736 1970 1827 2008 elati
1853 1971 2010 2008 victoria
2041 1974 2149 2008 extra
2181 1981 2308 2008 muros

215 2028 323 2066 urbis
350 2029 534 2067 excubare
559 2031 803 2075 constituunt,
829 2030 1084 2077 Agamemnon
1117 2035 1244 2068 autem
1269 2030 1314 2067 de
1339 2029 1436 2067 bono
1462 2034 1595 2066 eventu
1632 2029 1833 2077 desperans
1866 2030 2051 2078 principes
2076 2028 2306 2083 Graecorum

103 2136 107 2139 l
152 2090 156 2092 ’
214 2093 395 2127 convocat
420 2089 637 2139 suadetque,
662 2095 706 2128 ut
730 2089 804 2128 hac
830 2091 914 2140 ipsa
939 2095 1047 2129 nocte
1073 2102 1158 2129 cum
1184 2091 1340 2129 navibus
1366 2091 1404 2128 in
1430 2090 1626 2129 Graeciam
1652 2090 1818 2128 redeant.
1870 2089 1949 2135 Quo
1983 2089 2137 2127 consilio
2167 2089 2306 2128 omisso

62 2194 71 2203 x
158 2167 160 2169 ·
214 2148 392 2193 Diomede
417 2151 616 2198 praecipue
641 2155 681 2187 et
705 2149 861 2187 Nestore
900 2150 1184 2188 dehortantibus
1209 2150 1342 2188 Graeci
1380 2156 1421 2187 et
1456 2152 1528 2198 ipsi
1566 2163 1634 2198 pro
1670 2152 1806 2187 castris
1840 2149 2015 2186 excubias
2054 2149 2241 2186 collocant
2265 2150 2307 2186 in

218 2206 391 2259 planicie,
417 2221 492 2259 quo
517 2211 675 2249 tutiores
700 2208 749 2249 ab
774 2210 917 2261 impetu
941 2211 1133 2261 repentino
1159 2210 1402 2251 Troianorum
1427 2212 1512 2250 sint.
1564 2210 1659 2250 Tum
1696 2222 1866 2260 proceres
1901 2211 1939 2248 in
1974 2210 2181 2248 tentorium
2203 2208 2306 2260 Aga-

162 2272 169 2280 ‘
217 2271 425 2308 memnonis
458 2272 680 2308 conveniunt
713 2276 762 2317 et,
801 2283 912 2319 quem
945 2271 995 2309 ad
1020 2272 1178 2309 modum
1203 2272 1388 2309 Achillem
1420 2273 1579 2319 placent,
1615 2272 1832 2309 deliberant.
1882 2271 2011 2307 Placet
2044 2270 2094 2308 ad
2121 2270 2308 2308 Achillem

216 2328 362 2379 legatos
386 2330 547 2376 mittere,
574 2331 641 2378 qui
666 2331 804 2368 eximia
827 2331 994 2380 praemia
1017 2331 1331 2380 Agamemnonem
1355 2331 1629 2380 persoluturum
1656 2343 1737 2369 esse
1754 2330 1990 2379 promittant,
2015 2330 2048 2367 si
2073 2328 2139 2368 ille
2156 2341 2309 2379 gravem

112 2434 115 2435 ⁷
213 2389 310 2428 iram
334 2390 530 2427 remiserit.
580 2389 656 2427 Ubi
680 2390 795 2438 legati
820 2389 959 2428 infecta
983 2403 1024 2427 re
1049 2391 1240 2428 redierunt
1265 2396 1305 2429 et
1329 2391 1508 2429 mandata
1537 2391 1586 2428 ad
1612 2392 1799 2439 principes
1833 2389 2071 2436 rettulerunt,
2097 2388 2307 2435 Diomedes,

124 2466 152 2485 m
211 2448 279 2500 vir
292 2454 442 2498 praeter
467 2454 609 2488 eeteros
641 2449 750 2488 fortis
776 2454 815 2487 et
840 2454 1026 2496 strenuus,
1057 2451 1249 2499 perculsos
1284 2452 1427 2489 animos
1453 2450 1679 2489 Graecorum
1705 2451 1816 2498 erigit
1848 2454 1887 2486 et
1917 2450 2082 2487 maxime
2106 2449 2307 2498 Agamem-

163 2547 171 2552 ,
210 2519 347 2547 nonem
372 2508 602 2554 cohortatur,
628 2513 673 2546 ut
696 2513 847 2557 postero
872 2508 932 2545 die
958 2510 1075 2546 aciem
1102 2520 1170 2558 pro
1196 2512 1331 2548 castris
1370 2511 1533 2547 instruat
1568 2514 1607 2547 et
1647 2510 1725 2558 ipse
1763 2510 1862 2546 inter
1894 2509 2042 2558 primos
2078 2512 2230 2558 pugnet.
2255 2522 2307 2535 —-

180 2594 186 2609 ι,
210 2567 314 2618 Haec
337 2567 416 2608 fere
441 2573 541 2616 sunt,
566 2581 663 2617 quae
688 2570 727 2606 in
751 2568 850 2607 libro
873 2580 970 2607 nono
995 2568 1126 2607 Iliadis
1150 2574 1362 2608 narrantur.
1413 2569 1526 2607 Liber
1551 2570 1715 2607 decimus
1740 2568 1940 2606 consilium
1961 2568 2145 2607 nobilium
2169 2570 2307 2606 iterum

63 2619 188 2678 *251⁵—
212 2628 490 2678 Agamemnone
515 2633 669 2667 auctore
695 2632 948 2675 convocatum,
973 2628 1163 2666 Diomedis
1188 2634 1227 2666 et
1252 2628 1374 2666 Ulixis
1400 2633 1620 2666 nocturnam
1648 2627 1923 2676 expeditionem
1957 2629 1996 2665 in
2023 2632 2151 2666 castra
2173 2626 2305 2665 Troia-
2348 2659 2352 2662 .
