2558 3003
356 229 570 340 ms
547 278 589 326 in
615 286 772 327 consilio
798 264 924 339 agant,
948 278 1078 326 utrum
1103 301 1219 338 prope
1235 288 1367 327 urbem
1393 275 1584 329 considere
1608 302 1658 329 an
1674 302 1719 338 eo
1735 290 1777 329 se¹
1792 302 2013 347 tempusculi
2028 334 2051 362 ³*
2065 336 2108 348 ...

333 394 334 397 Ἴ
397 343 527 388 *amen
543 344 807 398 intellegimus,
834 361 947 397 quem
963 348 1013 387 ad
1029 349 1183 387 modum
1200 350 1329 388 Ulixes
1354 352 1393 387 in
1410 350 1523 389 huius
1539 350 1699 397 consilii,
1715 350 1827 399 quod
1840 340 1964 390 Dfflon
1984 346 2147 403 eilardo,
2200 393 2207 396 ,,
2350 363 2354 367 ·

200 459 203 462 ,
235 407 429 466 ,ῥᾴ816111
448 408 674 458 pervenerit.
725 408 822 448 Tum
847 407 969 447 Dolon
996 407 1101 457 loqui
1126 410 1260 459 pergit,
1288 409 1469 449 Troianos
1495 409 1648 459 quidem
1672 411 1778 460 ignes
1802 410 2012 450 incendisse
2037 415 2079 451 et
2100 415 2224 452 noctu
2233 413 2374 463 exon-2
2416 449 2419 460 2

131 511 140 517 .
219 483 247 501 ,;
265 462 359 518 42,
373 469 514 507 600106
550 473 680 507 autem
718 481 850 508 somno
888 481 929 506 se
956 469 1114 515 dedisse,
1153 483 1272 518 neque
1311 472 1410 507 enim
1449 482 1577 508 eorum
1616 471 1791 509 mulieres
1827 471 2040 519 liberosque
2071 484 2189 524 prope
2213 474 2412 520 adesse.
2384 463 2388 464 ⁷

207 511 355 568 nne
377 526 493 569 verba
514 518 678 566 ridicula
701 528 876 567 videntur
902 540 995 575 esse,
1030 528 1187 577 proinde
1221 530 1329 577 quasi
1364 529 1541 567 credibile
1576 531 1637 576 sit,
1672 530 1794 568 socios
1820 529 2066 569 Troianorum
2099 530 2244 573 nullam
2275 545 2361 573 rem
2459 574 2462 578 ,

228 591 382 632 „me
405 588 480 625 nisi
507 588 547 624 in
571 601 699 637 pugna
723 588 866 634 adesse,
894 589 1077 627 Troianos
1103 594 1229 627 autem
1264 591 1390 627 omnia
1421 591 1568 638 reliqua
1594 589 1787 639 providere
1813 590 1960 629 debere.
1987 612 2037 619 -—
2063 591 2122 628 V.
2133 593 2209 631 426
2233 588 2366 640 001011

213 688 224 693 ,
246 646 370 694 ῥοᾷο6
389 652 625 693 6661116168,
629 659 705 695 960
730 648 813 686 1000
839 661 909 687 sua
936 650 1096 697 quisque
1121 648 1260 686 habeat
1287 654 1430 693 castra3
1456 649 1548 697 quid
1574 654 1701 687 autem
1727 650 1799 687 hoc
1824 649 1896 687 sibi
1923 650 2082 688 voluerit
2107 656 2231 699 poeta,
2262 663 2354 691 nus-

245 701 362 753 quam
385 707 623 755 perspicitur.

69 805 71 807 ,
384 807 389 809 ⁷
428 764 561 804 Occiso
587 767 731 805 Dolone
759 766 889 804 Ulixes
916 772 955 804 et
971 766 1168 804 Diomedes
1195 767 1248 803 116
1275 773 1513 816 perseverant
1540 769 1589 806 ad
1605 769 1774 806 Rhesum
1800 781 1924 817 regem
1949 769 2256 808 interficiendum.
2308 770 2353 809 In
2510 766 2558 786 ”⁸

64 818 93 876 1⁵
120 837 127 842 ’
176 860 181 864 ,
244 823 318 863 hae
343 836 494 873 quoque
529 827 748 864 narratione
774 838 847 863 non
886 826 1032 871 desunt,
1069 838 1165 873 quae
1200 827 1399 864 offendant.
1452 828 1532 865 Iam
1566 840 1695 866 versus
1722 830 1798 867 260
1824 829 1926 866 clara
1951 828 2035 865 luce
2061 833 2175 874 caret,
2201 831 2234 867 si
2260 842 2349 868 con-
2499 832 2504 835 ’
2551 832 2558 843 ‘

245 882 469 932 sideramus,
497 885 772 935 expeditionem
801 892 909 926 nocte
936 886 1027 933 fieri,
1064 899 1140 935 qua
1175 899 1295 935 neque
1330 899 1459 925 arcum
1495 900 1615 937 neque
1640 888 1858 938 pharetram
1891 890 1977 927 usui
2004 900 2084 935 esse
2109 888 2352 929 manifestum

244 948 314 983 est.
366 946 474 991 Quod
499 946 700 984 Diomedes
726 948 765 983 in
791 948 994 995 fugientem
1020 948 1200 984 Dolonem
1238 948 1388 984 hastam
1428 949 1559 992 mittit,
1599 948 1666 984 sed
1704 948 1750 984 de
1788 948 1975 985 industria
2012 960 2086 985 non
2124 949 2222 994 ferit,
2261 961 2350 987 sane

239 1004 378 1043 mirum
403 1010 484 1052 est3
510 1008 598 1055 quis
625 1008 724 1045 enim
751 1008 789 1043 in
815 1008 933 1045 tantis
960 1007 1123 1045 tenebris
1150 1011 1229 1045 tam
1256 1012 1430 1046 accurate
1457 1007 1621 1045 iaculum
1654 1012 1829 1056 torquere
1866 1008 1998 1056 possit,
2039 1011 2084 1044 ut
2122 1020 2235 1057 penes
2267 1021 2353 1047 eum

125 1099 128 1100 γ
209 1092 211 1094 -
237 1064 301 1110 sit,
327 1065 439 1103 feriat
464 1069 608 1105 necne?
660 1068 765 1105 Idem
793 1066 847 1111 fit,
888 1068 953 1103 ubi
979 1070 1049 1104 viri
1077 1070 1115 1103 in
1144 1073 1269 1105 castra
1295 1068 1541 1105 Troianorum
1581 1068 1797 1105 invasenmt
1822 1068 2061 1114 Rhesumque
2104 1068 2350 1106 dormientem

119 1143 159 1151 f·
238 1134 326 1164 oum
350 1125 432 1172 suis
456 1131 715 1176 reppererunt.
768 1119 849 1164 Hoc
876 1139 1026 1175 960966
1053 1128 1134 1165 1060
1162 1130 1240 1165 1616
1266 1130 1426 1175 9666168
1464 1127 1561 1173 quis,
1601 1127 1667 1174 qui
1693 1125 1774 1163 fieri
1813 1127 1944 1174 possit,
1985 1131 2028 1164 ut
2052 1126 2249 1165 Diomedes
2273 1139 2348 1165 non

236 1185 350 1225 modo
389 1185 557 1236 Rhesum
595 1188 719 1236 ipsum
760 1192 799 1224 68
839 1187 1035 1226 duodecim
1072 1188 1215 1225 nobiles
1242 1186 1406 1224 Thraces
1446 1191 1619 1223 accurate
1659 1186 1879 1233 distinguat,
1922 1198 2150 1235 quamquam
2194 1187 2351 1235 caligine

238 1246 367 1284 omnia
383 1250 575 1295 teguntur,
602 1247 668 1285 sed
686 1247 818 1285 Ulixes
844 1249 960 1285 etiam
985 1260 1101 1295 equos
1129 1248 1303 1285 abducat.
1356 1246 1453 1284 Nam
1481 1246 1678 1294 caliginem
1706 1247 1823 1283 etiam
1849 1251 1930 1284 tum
1957 1246 2071 1285 fuisse
2097 1259 2116 1284 e
2140 1259 2248 1286 versu
2276 1247 2352 1285 535

237 1304 363 1353 colligi
389 1318 500 1354 posse
524 1307 703 1351 arbitror,
731 1308 1035 1353 quandoquidem
1062 1307 1199 1343 Nestor
1225 1308 1327 1350 dicit,
1357 1319 1396 1342 se
1423 1319 1602 1352 equorum
1629 1307 1794 1341 sonitum
1827 1306 2023 1349 audire3
2064 1308 2096 1342 si
2137 1308 2234 1343 enim
2273 1308 2350 1343 iam

236 1368 320 1403 tum
345 1364 544 1411 illuxisset,
570 1365 741 1414 profecto
768 1365 906 1403 Nestor
931 1366 1079 1404 locutus
1106 1370 1215 1412 esset,
1243 1378 1281 1403 se
1308 1366 1593 1413 conspicere
1620 1376 1737 1412 equos
1763 1368 2010 1402 accurrentes.
2152 1371 2156 1375 ·

420 1425 464 1462 V.
491 1426 567 1462 509
595 1438 652 1472 sq.
680 1430 868 1470 narratur,
887 1426 1104 1463 Diomedem
1132 1428 1253 1462 occiso
1272 1425 1394 1461 Rheso
1421 1425 1719 1472 indignissimam
1738 1437 1817 1461 rem
1843 1426 1882 1460 in
1908 1426 2033 1462 animo
2059 1425 2193 1470 moliri,
2219 1430 2349 1463 utrum

76 1519 79 1522 .
236 1496 390 1523 currum
415 1489 564 1524 temone
590 1486 820 1535 prehensum
848 1486 1035 1531 extrahat,
1073 1498 1120 1523 an
1148 1486 1224 1522 alte
1251 1485 1443 1522 sublatum
1482 1483 1638 1529 auferat,
1679 1496 1726 1520 an
1763 1484 1877 1521 etiam
1916 1483 2043 1532 plures
2069 1484 2232 1522 Thraces
2270 1486 2351 1523 vita

0 1543 54 1585 sss,
236 1543 383 1592 spoliet.
435 1544 517 1581 Hoc
542 1544 629 1582 loco
656 1550 789 1593 poetae
816 1545 1004 1592 cupiditas
1032 1546 1260 1592 conspicitur
1285 1544 1437 1580 Homeri
1465 1542 1648 1587 imitandi,
1688 1554 1784 1589 quae
1823 1554 1995 1590 perverse
2019 1547 2187 1580 tractata
2210 1543 2347 1581 identi-

236 1602 324 1642 dem
348 1604 388 1641 in
412 1603 581 1642 Dolonea
606 1605 805 1653 reperitur,
833 1618 909 1652 qua
935 1604 981 1642 de
1007 1618 1047 1642 re
1065 1604 1176 1652 paulo
1204 1604 1302 1641 infra
1329 1603 1442 1641 verba
1468 1602 1613 1640 faciam.
1665 1601 1762 1640 Nam
1788 1602 1982 1651 indignum
2007 1603 2184 1641 nimirum
2200 1602 2348 1642 videtur

235 1663 397 1701 inermes
424 1665 534 1708 viros,
562 1676 700 1701 somna
728 1676 926 1712 oppressos
952 1665 1132 1711 iugulare,
1164 1676 1238 1711 quo
1264 1664 1398 1699 merito
1424 1667 1551 1698 autem
1576 1662 1769 1709 indignum
1796 1663 1846 1697 sit
1872 1674 2024 1698 currum
2049 1674 2069 1699 6
2094 1664 2258 1699 86680110
2284 1667 2351 1700 aut

237 1722 436 1762 extrahere
455 1728 524 1761 aut
545 1723 708 1769 auferre,
736 1736 810 1761 non
836 1725 1075 1771 perspicuum
1101 1728 1169 1761 est.
1198 1745 1243 1752 —-
1271 1723 1456 1760 Hortante
1483 1721 1650 1758 Minerva
1675 1720 1873 1759 Diomedes
1900 1722 2021 1759 redire
2040 1723 2177 1760 statuit
2196 1726 2236 1760 et
2251 1734 2349 1770 equo

0 1782 39 1837 f.
135 1809 138 1810 γ
240 1794 441 1821 0011666660
469 1794 554 1819 66111
581 1784 685 1820 60610
710 1782 818 1830 fugit.
872 1782 915 1818 In
942 1782 1063 1819 verbis
1089 1783 1221 1821 ἵππων
1247 1779 1458 1832 ἐπεβήσετο
1484 1780 1582 1817 116116
1608 1781 1683 1816 vim
1709 1781 1830 1817 inesse
1855 1792 1964 1817 nemo
1989 1782 2189 1829 negaverit,
2216 1793 2350 1829 quam-

0 1843 24 1896 {a
236 1854 353 1891 quam
377 1843 427 1882 ab
451 1843 617 1882 Homero
645 1843 815 1890 alioquin
842 1843 966 1880 aliena
991 1848 1059 1881 est.
1111 1843 1221 1891 Apud
1244 1842 1444 1880 Homerum
1473 1842 1571 1878 enim
1597 1840 1717 1881 ἵπποι
1743 1840 1929 1889 significat
1947 1854 2109 1887 currum,
2137 1842 2207 1879 viri
2222 1846 2351 1880 autem

2 1904 38 1926 ‘-
145 1939 147 1941 .
239 1901 431 1941 Homerici
457 1907 577 1940 artem
607 1902 804 1950 equitandi
831 1914 905 1939 non
932 1907 1113 1938 exercent.
1166 1902 1264 1938 Dum
1291 1899 1673 1939 castrisGraecorum
1699 1904 1738 1936 et
1763 1900 1918 1937 consilio
1942 1912 2137 1949 procerum
2153 1900 2351 1938 Diomedes

240 1959 281 2001 et
296 1962 429 2001 Ulixes
447 1964 767 2011 appropinquant,
793 1962 931 1999 Nestor
957 1967 1050 2007 orat,
1077 1968 1120 1999 ut
1145 1963 1185 1999 hi
1212 1975 1232 1999 e
1260 1963 1392 1999 castris
1411 1961 1656 2003 Troianorum
1683 1972 1798 2007 equos
1816 1960 2016 1998 abducant.
2068 1960 2149 2006 Qua
2173 1961 2219 1998 de
2238 1972 2354 1998 causa

0 2010 55 2077 ᾖξ’]
240 2021 381 2060 Nestor
404 2021 504 2059 hanc
529 2023 654 2069 ipsam
682 2022 916 2069 optationem
943 2023 1170 2068 pronuntiet,
1198 2033 1270 2058 non
1289 2021 1551 2067 intellegimus,
1578 2020 1651 2055 nisi
1677 2018 1774 2055 forte
1792 2019 1976 2057 credimus
2001 2020 2099 2057 hanc
2124 2020 2351 2056 sententiam

0 2078 66 2135 ’ἑὲὲ
239 2082 280 2119 in
305 2086 419 2131 poeta·
443 2082 526 2130 ipso
552 2085 664 2119 tanto
691 2094 803 2130 opere
829 2081 963 2129 vigere,
990 2085 1034 2118 68
1060 2094 1143 2118 66111
1169 2085 1308 2118 86111616
1334 2080 1383 2117 ad
1409 2078 1603 2116 Nestorem
1630 2090 1779 2125 quoque
1804 2077 2019 2116 transferat.
2352 2090 2359 2094 “

0 2146 51 2218 ζ
420 2151 622 2199 Reliquum
649 2155 719 2196 668,
745 2155 790 2187 68
821 2151 867 2187 (16
895 2150 1018 2187 Ulixis
1057 2150 1154 2187 fame
1195 2154 1232 2186 et
1270 2150 1449 2187 facultate
1489 2148 1674 2185 stomachi
1713 2148 1876 2185 satiandi
1914 2149 2057 2196 loquar.
2109 2148 2278 2185 Reduces
2301 2149 2352 2186 ad

238 2211 403 2251 Graecos
429 2210 562 2249 Ulixes
589 2215 629 2249 68
656 2210 855 2249 Diomedes
891 2223 1028 2258 corpus
1053 2214 1227 2258 purgant,
1263 2221 1337 2256 quo
1364 2208 1530 2246 confecto
1557 2207 1733 2256 epulandi
1773 2220 1885 2246 causa
1925 2208 2124 2246 considunt
2162 2208 2211 2258 (v.
2239 2208 2350 2258 578);

237 2276 282 2310 68
305 2271 438 2309 Ulixes
463 2272 539 2308 iam
567 2270 628 2308 bis
655 2271 727 2308 hac
753 2275 865 2308 nocte
892 2270 1030 2307 famem
1057 2270 1229 2317 explevit,
1257 2270 1294 2305 in
1321 2269 1482 2305 tentorio
1508 2267 1797 2315 Agamemnonis
1823 2268 1874 2315 (9,
1901 2268 1952 2304 90
1977 2271 2050 2316 sq.)
2076 2272 2116 2305 et
2132 2268 2237 2305 brevi
2253 2273 2352 2306 tem-

236 2342 329 2381 pore
353 2332 569 2370 intermisso
596 2330 799 2379 legationis
826 2331 958 2368 irritae
984 2341 1137 2368 consors
1164 2330 1215 2376 (9,
1249 2330 1341 2377 221)
1368 2328 1500 2365 factus.
1554 2327 1661 2371 Quod
1698 2328 1730 2364 si
1767 2327 1877 2365 facile
1916 2327 2162 2374 concedimus,
2201 2327 2351 2367 Ulixem

236 2391 361 2432 virum
385 2388 598 2441 spectatum
628 2394 667 2428 et
694 2390 795 2428 bello
821 2394 860 2427 68
887 2389 1081 2428 laboribus
1108 2393 1146 2426 et
1171 2388 1373 2426 virtutibus
1399 2399 1491 2432 esse,
1527 2391 1652 2424 tamen
1686 2386 1780 2424 haec
1805 2386 1939 2424 edendi
1974 2386 2135 2425 facultas
2171 2387 2288 2425 nimia
2312 2391 2351 2425 et

235 2450 287 2490 ab
295 2451 462 2499 ingenio
486 2456 526 2488 et
551 2462 577 2489 a
604 2455 741 2489 natura
766 2451 891 2488 herois
918 2450 1109 2488 Homerici
1135 2449 1282 2486 videtur
1308 2449 1515 2486 dissentire.

419 2519 605 2565 Quoniam
633 2520 709 2557 huc
734 2520 986 2567 pervenimus,
1026 2531 1051 2555 a
1076 2520 1268 2567 proposito
1303 2524 1430 2556 nostro
1451 2529 1543 2569 non
1583 2516 1747 2553 alienum
1785 2516 1934 2553 videtur
1971 2516 2171 2564 explicare,
2207 2520 2350 2564 quanto

175 2612 186 2622 .
234 2591 349 2632 opere
385 2583 498 2630 poeta
533 2579 724 2619 Doloneae
761 2579 800 2616 in
837 2578 1028 2617 nonnullis
1065 2577 1242 2616 heroibus
1281 2577 1533 2616 describendis
1572 2588 1597 2614 a
1621 2588 1708 2614 vero
1746 2575 1909 2614 Homero
1948 2575 2203 2625 discrepuerit.
2267 2575 2350 2614 Iam

189 2639 201 2660 “·
235 2650 353 2689 cupra
377 2638 731 2682 demonstravimus,
760 2638 912 2685 qualem
930 2637 1142 2674 Menelaum
1168 2641 1280 2685 poeta
1305 2637 1466 2682 finxerit,
1493 2649 1605 2683 quem
1632 2635 1834 2683 superbum
1861 2638 1911 2682 (v.
1937 2636 2004 2683 69)
2032 2640 2072 2672 et
2096 2646 2248 2682 segnem
2265 2646 2365 2676 6666,
2385 2682 2388 2685 ἱ
